@article{van_Oldenborgh_et_al_2021, title={Pathways and pitfalls in Extreme event attribution}, volume={166}, DOI={10.1007/s10584-021-03071-7}, number={1–2}, journal={Climatic Change}, author={van Oldenborgh, G. J. and van der Wiel, K. and Kew, S. and Philip, S. and Otto, F. and Vautard, R. and King, A. and Lott, F. and Arrighi, J. and Singh, R. and van Aalst, M.}, year={2021}}

@inbook{Herbertson_1935,
     place={London},
     edition={Third Revised},
     title={Chapter 12},
     booktitle={Outlines of physiography: An introduction to the study of the Earth},
     publisher={E. Arnold},
     author={Herbertson, A. J.},
     year={1935},
     pages={118}}

@book{Coles_2001, place={London}, title={An introduction to statistical modeling of extreme values}, publisher={Springer}, author={Coles, S.}, year={2001}}

@book{IPCC_2021, place={Cambridge}, title={Climate Change 2021: The Physical Science Basis. Contribution of Working Group I to the Sixth Assessment Report of the Intergovernmental Panel on
Climate Change}, publisher={Springer}, author={IPCC}, year={2021}}

@article{Kendon_Fischer_Short_2023, title={Variability conceals emerging trend in 100yr projections of UK local hourly rainfall extremes}, volume={14}, DOI={10.1038/s41467-023-36499-9}, number={1}, journal={Nature Communications}, author={Kendon, E. J. and Fischer, E. M. and Short, C. J.}, year={2023}}

@article{Allen_2003, title={Liability for climate change}, volume={421}, DOI={10.1038/421891a}, number={6926}, journal={Nature}, author={Allen, M.}, year={2003}, pages={891–892}}

@report{RAIB_2022,
     author = {Rail Accident Investigation Branch, Department for Transport},
     title = {Report 02/2022: Derailment of a passenger train at Carmont},
     year = {2022},
}

@misc{Me_Code, title={https://github.com/chrisroblong/StonehavenRain Software for MSc Project on extreme rainfall event of August 12 2020}, url={https://github.com/chrisroblong/StonehavenRain}, publisher={GitHub}, author={Long, C.}, year={2023}, month={Aug}}

@misc{Tett_Code, title={https://github.com/SimonTett/EdinburghRain Software for NRC/hes funded project on extreme rainfall event of July 4th 2021}, url={https://github.com/SimonTett/EdinburghRain}, publisher={GitHub}, author={Tett, S.}, year={2022}, month={Dec}}

@article{Otto_2017, title={Attribution of weather and climate events}, volume={42}, DOI={10.1146/annurev-environ-102016-060847}, number={1}, journal={Annual Review of Environment and Resources}, author={Otto, F. E.L.}, year={2017}, pages={627–646}}

@article{Tett_Soon,
     author = {S. Tett},
     title = {The impact of an extreme cloud burst on Edinburgh Castle},
     year = {Forthcoming},
}

@article{Kahn_2005, title={The death toll from natural disasters: The role of income, geography, and Institutions}, volume={87}, DOI={10.1162/0034653053970339}, number={2}, journal={Review of Economics and Statistics}, author={Kahn, M. E.}, year={2005}, pages={271–284}}

@article{Stott_2004, title={Human contribution to the European heatwave of 2003}, volume={432}, DOI={10.1038/nature03089}, number={7017}, journal={Nature}, author={Stott, P. A. and Stone, D. A. and Allen, M. R.}, year={2004}, pages={610–614}}

@misc{van_Oldenborgh_et_al_2018, title={A cold winter in North America, December 2017 to January 2018: https://www.worldweatherattribution.org/winter-in-north-america-is-cold-dec-2017-jan-2018/}, Journal={World Weather Attribution}, author={Van Oldenbourgh, G. J. and de Vries, H. and Vecci, G. and Otto, F. and Tebaldi, C.}, year={2018}, month={Jan}}

@article{Shepherd_et_al_2018, title={Storylines: An alternative approach to representing uncertainty in physical aspects of climate change}, volume={151}, DOI={10.1007/s10584-018-2317-9}, number={3–4}, journal={Climatic Change}, author={Shepherd, T. G. and Boyd, E. and Calel, R. A. and Chapman, S. C. and Dessai, S. and Dima-West, I. M. and Fowler, H. J. and James, R. and Maraun, D. and Martius, O. and et al.}, year={2018}, pages={555–571}}

@article{García-Portela_Maraun_2023, title={Overstating the effects of anthropogenic climate change? A critical assessment of attribution methods in climate science}, volume={13}, DOI={10.1007/s13194-023-00516-x}, number={1}, journal={European Journal for Philosophy of Science}, author={García-Portela, L. and Maraun, D.}, year={2023}}

@article{Zhang_2011, title={Indices for monitoring changes in extremes based on daily temperature and precipitation data}, volume={2}, DOI={10.1002/wcc.147}, number={6}, journal={WIREs Climate Change}, author={Zhang, X. and Alexander, L. and Hegerl, G. C. and Jones, P. and Tank, A. K. and Trewin, B. and Zwiers, F. W.}, year={2011}, pages={851–870}}

@article{Li_2020, title={Rapid warming in summer wet bulb globe temperature in China with human-induced climate change}, volume={33}, DOI={10.1175/jcli-d-19-0492.1}, number={13}, journal={Journal of Climate}, author={Li, C. and Sun, Y. and Zwiers, F. and Wang, D. and Zhang, X. and Chen, G. and Wu, H.}, year={2020}, pages={5697–5711}}